<?xml version="1.0" encoding="UTF-8"?><collection xmlns="http://www.loc.gov/MARC21/slim"><record><leader>00570nam--2200181-i-4500</leader><controlfield tag="001">000024485</controlfield><controlfield tag="002">20161230</controlfield><controlfield tag="005">20161230201035</controlfield><controlfield tag="008">060222s1000------------r-----000-0-ger-d</controlfield><datafield ind1=" " ind2=" " tag="040"><subfield code="a">IFIN-HH</subfield></datafield><datafield ind1=" " ind2=" " tag="041"><subfield code="a">ger</subfield></datafield><datafield ind1=" " ind2=" " tag="080"><subfield code="a">537.533.35:546.28(043)</subfield></datafield><datafield ind1="1" ind2=" " tag="100"><subfield code="a">Griep, Susanne</subfield></datafield><datafield ind1="1" ind2="0" tag="245"><subfield code="a">Bandluckenzustande in amorphen silizium und ihre bestimmung mit hilfe der photoemission ausebeutespektroskopie</subfield><subfield code="b">Disseration</subfield><subfield code="c">Susanne griep</subfield></datafield><datafield ind1=" " ind2=" " tag="260"><subfield code="a">Stuttgart</subfield><subfield code="b">Institut Der Universitat</subfield><subfield code="c">1983</subfield></datafield><datafield ind1=" " ind2=" " tag="300"><subfield code="a">142 P</subfield></datafield><datafield ind1=" " ind2=" " tag="852"><subfield code="a">71582</subfield><subfield code="c">537.533.35</subfield></datafield><datafield ind1=" " ind2=" " tag="CAT"><subfield code="a">Sys</subfield><subfield code="c">20110914</subfield><subfield code="h">162436</subfield></datafield></record></collection>